% This file was created with JabRef 2.9.2.
% Encoding: Cp1252

@INPROCEEDINGS{weissleder2008automatic,
  author = {Wei{\ss}leder, Stephan and Sokenou, Dehla},
  title = {{Automatic Test Case Generation from UML Models and OCL Expressions}},
  booktitle = {Software Engineering 2008 - Workshopband, Fachtagung des GI-Fachbereichs
	Softwaretechnik},
  year = {2008},
  pages = {423--426},
  __markedentry = {[xilaew:]},
  bibsource = {DBLP, http://dblp.uni-trier.de},
  crossref = {DBLP:conf/se/2008w},
  url = {http://pdf.aminer.org/000/231/949/generating_test_sequences_from_uml_sequence_diagrams_and_state_diagrams.pdf}
}

@INPROCEEDINGS{ali2011search,
  author = {Ali, Shaukat and Iqbal, Muhammad Zohaib and Arcuri, Andrea and Briand,
	Lionel},
  title = {{A Search-based OCL Constraint Solver for Model-based Test Data Generation}},
  booktitle = {QSIC 2011, 11th International Conference on Quality Software},
  year = {2011},
  pages = {41--50},
  month = {July},
  organization = {IEEE Computer Society},
  publisher = {IEEE},
  doi = {10.1109/QSIC.2011.17},
  issn = {1550-6002},
  url = {http://dx.doi.org/10.1109/QSIC.2011.17}
}

@ARTICLE{Belotti09couenne,
  author = {Pietro Belotti and Jon Lee and Leo Liberti and Fran\c{c}ois Margot
	and Andreas W{\"a}chter},
  title = {{Branching and Bounds Tightening Techniques for Non--Convex {MINLP}}},
  journal = {Optimization Methods and Software},
  year = {2009},
  volume = {24},
  pages = {597--634},
  number = {4-5},
  doi = {10.1080/10556780903087124},
  url = {http://dx.doi.org/10.1080/10556780903087124}
}

@ELECTRONIC{lpsolve,
  author = {Berkelaar, Michel and Eikland, Kjell and Notebaert, Peter},
  title = {{lpsolve : Open source (Mixed-Integer) Linear Programming system}},
  url = {http://lpsolve.sourceforge.net/5.5/},
  citeulike-article-id = {3812392},
  keywords = {linear-optimisation, mdb-manuscript-1, mdb-thesis, software},
  posted-at = {2008-12-19 18:14:21},
  priority = {0}
}

@ARTICLE{brucker2012theoremProverBasedTesting,
  author = {Brucker, Achim D and Wolff, Burkhart},
  title = {{On theorem prover-based testing}},
  journal = {Formal Aspects of Computing},
  year = {2013},
  volume = {25},
  pages = {683--721},
  number = {5},
  doi = {10.1007/s00165-012-0222-y},
  publisher = {Springer},
  url = {http://dx.doi.org/10.1007/s00165-012-0222-y}
}

@BOOK{AMPL,
  title = {{AMPL: A Modeling Language for Mathematical Programming}},
  publisher = {Duxbury Press},
  year = {2002},
  author = {Fourer, Robert and Gay, David M. and Kernighan, Brian W.},
  edition = {2},
  day = {12},
  howpublished = {Hardcover},
  isbn = {0534388094},
  posted-at = {2009-07-25 22:24:02},
  priority = {2},
  url = {http://ampl.com/resources/the-ampl-book/}
}

@INPROCEEDINGS{Kosmatov04BoundaryCoverageCrit,
  author = {Kosmatov, N. and Legeard, B. and Peureux, F. and Utting, M.},
  title = {{Boundary coverage criteria for test generation from formal models}},
  booktitle = {ISSRE 2004, 15th International Symposium on Software Reliability
	Engineering},
  year = {2004},
  pages = {139--150},
  month = {November},
  organization = {IEEE Computer Society},
  publisher = {IEEE},
  doi = {10.1109/ISSRE.2004.12},
  issn = {1071-9458},
  keywords = {formal verification;program testing;boundary-value testing;formal
	models;model-based testing;software testing;test case generation;test
	coverage criteria;Algorithm design and analysis;Application software;Automatic
	testing;Computer industry;Computer science;Software algorithms;Software
	testing;Software tools;System testing;Unified modeling language;boundary-value
	testing;model-based testing;test coverage criteria},
  url = {http://dx.doi.org/10.1109/ISSRE.2004.12}
}

@ARTICLE{krieger2008executingUnderspecifiedOCL,
  author = {Krieger, Matthias P and Knapp, Alexander},
  title = {{Executing Underspecified OCL Operation Contracts with a SAT Solver}},
  journal = {Electronic Communications of the EASST},
  year = {2008},
  volume = {15},
  __markedentry = {[xilaew:5]},
  url = {http://journal.ub.tu-berlin.de/eceasst/article/view/176}
}

@MASTERSTHESIS{Kurth2014AutomatedGen,
  author = {Felix Kurth},
  title = {{Automated Generation of Unit Tests from UML Activity Diagrams using
	the AMPL Interface for Constraint Solvers}},
  school = {Hamburg University of Technology},
  year = {2014},
  address = {Germany, Hamburg},
  month = {January},
  owner = {xilaew},
  timestamp = {2014.01.15},
  url = {http://www.sts.tuhh.de/pw-and-m-theses/2014/kurth14.pdf}
}

@INPROCEEDINGS{ilogcp,
  author = {Laborie, Philippe},
  title = {{IBM ILOG CP Optimizer for Detailed Scheduling Illustrated on Three
	Problems}},
  booktitle = {Integration of AI and OR Techniques in Constraint Programming for
	Combinatorial Optimization Problems, 6th International Conference,
	CPAIOR 2009},
  year = {2009},
  editor = {Hoeve, Willem-Jan and Hooker, JohnN.},
  volume = {5547},
  series = {Lecture Notes in Computer Science},
  pages = {148--162},
  address = {Berlin, Heidelberg},
  month = {May},
  publisher = {Springer},
  acmid = {1560593},
  doi = {10.1007/978-3-642-01929-6_12},
  isbn = {978-3-642-01928-9},
  keywords = {Constraint Programming, Scheduling},
  location = {Pittsburgh, PA},
  numpages = {15},
  url = {http://dx.doi.org/10.1007/978-3-642-01929-6_12}
}

@INPROCEEDINGS{Linzhang04GeneratingTestCasefromActivityGrayBoxMethod,
  author = {Wang Linzhang and Yuan Jiesong and Yu Xiaofeng and Hu Jun and Li
	Xuandong and Zheng Guoliang},
  title = {{Generating Test Cases from UML Activity Diagram based on Gray--Box
	Method}},
  booktitle = {APSEC2004, 11th Asia-Pacific Software Engineering Conference},
  year = {2004},
  pages = {284--291},
  address = {Los Alamitos, CA, USA},
  month = {December},
  organization = {IEEE Computer Society},
  publisher = {IEEE},
  doi = {10.1109/APSEC.2004.55},
  numpages = {8},
  url = {http://dx.doi.org/10.1109/APSEC.2004.55}
}

@INPROCEEDINGS{malburg2011combining,
  author = {Malburg, Jan and Fraser, Gordon},
  title = {{Combining Search--based and Constraint--based Testing}},
  booktitle = {2011 26th IEEE/ACM International Conference on Automated Software
	Engineering (ASE 2011)},
  year = {2011},
  pages = {436--439},
  month = {November},
  organization = {IEEE Computer Society},
  publisher = {IEEE},
  doi = {10.1109/ASE.2011.6100092},
  url = {http://dx.doi.org/10.1109/ASE.2011.6100092}
}

@INPROCEEDINGS{mingsong2006automatic,
  author = {Mingsong, Chen and Xiaokang, Qiu and Xuandong, Li},
  title = {{Automatic Test Case Generation for UML Activity Diagrams}},
  booktitle = {Workshop on Automation of Software Test (AST’06)},
  year = {2006},
  pages = {2--8},
  address = {New York, NY, USA},
  month = {May},
  organization = {ACM},
  publisher = {ACM},
  doi = {10.1145/1138929.1138931},
  keywords = {UML activity diagram, instrumentation, random test case, test adequacy},
  url = {http://dx.doi.org/10.1145/1138929.1138931}
}

@ELECTRONIC{minos,
  author = {Murtagh, Bruce A. and Saunders, Michael A. and Murray, Walter and
	Gill, Philip E. and Raman, Ramesh and Kalvelagen, Erwin},
  title = {{MINOS: A Solver for Large-Scale Nonlinear Optimization Problems}},
  url = {http://sbsi-sol-optimize.com/asp/sol_product_minos.htm}
}

@STANDARD{UML23Superstructure,
  title = {{OMG Unified Modeling Language\textsuperscript{\texttrademark} (OMG
	UML), Superstructure}},
  institution = {Object Management Group},
  author = {{Object Management Group (OMG)}},
  month = {May},
  year = {2010},
  url = {http://www.omg.org/spec/UML/2.3/}
}

@MASTERSTHESIS{Rezaee2014ANew,
  author = {Amin Rezaee},
  title = {{A New Approach to Optimized Generation of Test Cases using UML State
	Machine}},
  school = {University of Isfahan},
  year = {2014},
  address = {Iran, Isfahan},
  month = {February},
  timestamp = {2014.02.18}
}

@INPROCEEDINGS{pex,
  author = {Tillmann, Nikolai and Halleux, Jonathan},
  title = {{Pex-White Box Test Generation for .NET}},
  booktitle = {Tests and Proofs, Second International Conference, TAP 2008},
  year = {2008},
  editor = {Beckert, Bernhard and H{\"a}hnle, Reiner},
  volume = {4966},
  series = {Lecture Notes in Computer Science},
  pages = {134--153},
  address = {Berlin, Heidelberg},
  month = {April},
  publisher = {Springer},
  doi = {10.1007/978-3-540-79124-9_10},
  isbn = {978-3-540-79123-2},
  url = {http://dx.doi.org/10.1007/978-3-540-79124-9_10}
}

@PHDTHESIS{ParTeG,
  author = {Stephan Wei{\ss}leder},
  title = {{Test Models and Coverage Criteria for Automatic Model--Based Test
	Generation with UML State Machines}},
  school = {Humboldt University Berlin},
  year = {2010},
  url = {http://model-based-testing.de/data/weissleder_phd_thesis.pdf}
}

@PROCEEDINGS{DBLP:conf/se/2008w,
  title = {Software Engineering 2008 - Workshopband, Fachtagung des GI-Fachbereichs
	Softwaretechnik},
  year = {2008},
  editor = {Walid Maalej and Bernd Br{\"u}gge},
  volume = {122},
  series = {Lecture Notes in Informatics},
  publisher = {Gesellschaft für Informatik},
  month = {February},
  bibsource = {DBLP, http://dblp.uni-trier.de},
  isbn = {978-3-88579-216-1}
}

